@inproceedings{rouhani1989space,
  title={Space-time kriging of groundwater data},
  author={Rouhani, Shahrokh and Hall, Timothy J},
  booktitle={Geostatistics: Proceedings of the Third International Geostatistics Congress September 5--9, 1988, Avignon, France},
  pages={639--650},
  year={1989},
  organization={Springer}
}

@article{posa1993simple,
  title={A simple description of spatial-temporal processes},
  author={Posa, D},
  journal={Computational Statistics \& Data Analysis},
  volume={15},
  number={4},
  pages={425--437},
  year={1993},
  publisher={Elsevier}
}

@article{chen2021space,
  title={Space-time covariance structures and models},
  author={Chen, Wanfang and Genton, Marc G and Sun, Ying},
  journal={Annual Review of Statistics and Its Application},
  volume={8},
  pages={191--215},
  year={2021},
  publisher={Annual Reviews}
}

@article{de2002nonseparable,
  title={Nonseparable space-time covariance models: some parametric families},
  author={De Iaco, S and Myers, Donald E and Posa, D},
  journal={Mathematical Geology},
  volume={34},
  pages={23--42},
  year={2002},
  publisher={Springer}
}

@article{stein2005space,
  title={Space--time covariance functions},
  author={Stein, Michael L},
  journal={Journal of the American Statistical Association},
  volume={100},
  number={469},
  pages={310--321},
  year={2005},
  publisher={Taylor \& Francis}
}

@article{cressie1999classes,
  title={Classes of nonseparable, spatio-temporal stationary covariance functions},
  author={Cressie, Noel and Huang, Hsin-Cheng},
  journal={Journal of the American Statistical association},
  volume={94},
  number={448},
  pages={1330--1339},
  year={1999},
  publisher={Taylor \& Francis}
}

@article{conn2014estimating,
  title={Estimating multispecies abundance using automated detection systems: ice-associated seals in the Bering Sea},
  author={Conn, Paul B and Ver Hoef, Jay M and McClintock, Brett T and Moreland, Erin E and London, Josh M and Cameron, Michael F and Dahle, Shawn P and Boveng, Peter L},
  journal={Methods in Ecology and Evolution},
  volume={5},
  number={12},
  pages={1280--1293},
  year={2014},
  publisher={Wiley Online Library}
}

@article{ver2021species,
  title={Species density models from opportunistic citizen science data},
  author={Ver Hoef, Jay M and Johnson, Devin and Angliss, Robyn and Higham, Matt},
  journal={Methods in Ecology and Evolution},
  volume={12},
  number={10},
  pages={1911--1925},
  year={2021},
  publisher={Wiley Online Library}
}

@inproceedings{wolf1979helmert,
  title={The Helmert block method and its origin},
  author={Wolf, Helmut},
  booktitle={Proceedings: Second International Symposium on Problems Related to the Redefinition of North American Geodetic Networks, Held at the Marriott Hotel, Arlington, Virginia, April 24 to 28, 1978},
  volume={55},
  pages={319},
  year={1979},
  organization={Department of Commerce, National Oceanic and Atmospheric Administration~…}
}

@article{stegle2011efficient,
  title={Efficient inference in matrix-variate gaussian models with$\backslash$iid observation noise},
  author={Stegle, Oliver and Lippert, Christoph and Mooij, Joris M and Lawrence, Neil and Borgwardt, Karsten},
  journal={Advances in neural information processing systems},
  volume={24},
  year={2011}
}

@article{sherman1950adjustment,
  title={Adjustment of an inverse matrix corresponding to a change in one element of a given matrix},
  author={Sherman, Jack and Morrison, Winifred J},
  journal={The Annals of Mathematical Statistics},
  volume={21},
  number={1},
  pages={124--127},
  year={1950},
  publisher={JSTOR}
}

@book{woodbury1950inverting,
  title={Inverting modified matrices},
  author={Woodbury, Max A},
  year={1950},
  publisher={Department of Statistics, Princeton University}
}

@article{breivik2021predicting,
  title={Predicting abundance indices in areas without coverage with a latent spatio-temporal Gaussian model},
  author={Breivik, Olav Nikolai and Aanes, Fredrik and S{\o}vik, Guldborg and Aglen, Asgeir and Mehl, Sigbj{\o}rn and Johnsen, Espen},
  journal={ICES Journal of Marine Science},
  volume={78},
  number={6},
  pages={2031--2042},
  year={2021},
  publisher={Oxford University Press}
}

@article{adde2020predicting,
  title={Predicting spatiotemporal abundance of breeding waterfowl across Canada: A Bayesian hierarchical modelling approach},
  author={Adde, Antoine and Darveau, Marcel and Barker, Nicole and Cumming, Steven},
  journal={Diversity and Distributions},
  volume={26},
  number={10},
  pages={1248--1263},
  year={2020},
  publisher={Wiley Online Library}
}

@article{davy2021estimation,
  title={Estimation of spatiotemporal trends in bat abundance from mortality data collected at wind turbines},
  author={Davy, Christina M and Squires, Kelly and Zimmerling, J Ryan},
  journal={Conservation Biology},
  volume={35},
  number={1},
  pages={227--238},
  year={2021},
  publisher={Wiley Online Library}
}

@article{ross2012accessible,
  title={An accessible method for implementing hierarchical models with spatio-temporal abundance data},
  author={Ross, Beth E and Hooten, Mevin B and Koons, David N},
  journal={PLoS One},
  volume={7},
  number={11},
  pages={e49395},
  year={2012},
  publisher={Public Library of Science San Francisco, USA}
}

@article{conn2015extrapolating,
  title={On extrapolating past the range of observed data when making statistical predictions in ecology},
  author={Conn, Paul B and Johnson, Devin S and Boveng, Peter L},
  journal={PLoS One},
  volume={10},
  number={10},
  pages={e0141416},
  year={2015},
  publisher={Public Library of Science San Francisco, CA USA}
}

@article{sauer2011analysis,
  title={Analysis of the North American breeding bird survey using hierarchical models},
  author={Sauer, John R and Link, William A},
  journal={The Auk},
  volume={128},
  number={1},
  pages={87--98},
  year={2011},
  publisher={Oxford University Press}
}

@article{ver2007space,
  title={Space—time zero-inflated count models of Harbor seals},
  author={Ver Hoef, Jay M and Jansen, John K},
  journal={Environmetrics: The official journal of the International Environmetrics Society},
  volume={18},
  number={7},
  pages={697--712},
  year={2007},
  publisher={Wiley Online Library}
}

@article{conn2015using,
  title={Using spatiotemporal statistical models to estimate animal abundance and infer ecological dynamics from survey counts},
  author={Conn, Paul B and Johnson, Devin S and Hoef, Jay M Ver and Hooten, Mevin B and London, Joshua M and Boveng, Peter L},
  journal={Ecological Monographs},
  volume={85},
  number={2},
  pages={235--252},
  year={2015},
  publisher={Wiley Online Library}
}

@book{lohr2021sampling,
  title={Sampling: design and analysis},
  author={Lohr, Sharon L},
  year={2021},
  publisher={Chapman and Hall/CRC}
}

@incollection{wickham2016data,
  title={Data analysis},
  author={Wickham, Hadley},
  booktitle={ggplot2},
  pages={189--201},
  year={2016},
  publisher={Springer}
}

@article{lemos2009spatio,
  title={A spatio-temporal model for mean, anomaly, and trend fields of North Atlantic sea surface temperature},
  author={Lemos, Ricardo T and Sans{\'o}, Bruno},
  journal={Journal of the American Statistical Association},
  volume={104},
  number={485},
  pages={5--18},
  year={2009},
  publisher={Taylor \& Francis}
}

@article{sahu2022bayesian,
  title={Bayesian spatio-temporal joint disease mapping of Covid-19 cases and deaths in local authorities of England},
  author={Sahu, Sujit K and B{\"o}hning, Dankmar},
  journal={Spatial Statistics},
  volume={49},
  pages={100519},
  year={2022},
  publisher={Elsevier}
}

@article{martinez2008autoregressive,
  title={An autoregressive approach to spatio-temporal disease mapping},
  author={Mart{\'i}nez-Beneito, Miguel A and L{\'o}pez-Quilez, Antonio and Botella-Rocamora, Paloma},
  journal={Statistics in medicine},
  volume={27},
  number={15},
  pages={2874--2889},
  year={2008},
  publisher={Wiley Online Library}
}

@article{schmidt2022bayesian,
  title={Bayesian spatial modeling of moose count data: increasing estimator efficiency and exploring ecological hypotheses},
  author={Schmidt, Joshua H and Cameron, Matthew D and Joly, Kyle and Pruszenski, Jordan M and Reynolds, Joel H and Sorum, Mathew S},
  journal={The Journal of Wildlife Management},
  pages={e22220},
  year={2022},
  publisher={Wiley Online Library}
}

@article{smith1980central,
  title={A central limit theorem for spatial samples},
  author={Smith, Tony E},
  journal={Geographical Analysis},
  volume={12},
  number={4},
  pages={299--324},
  year={1980},
  publisher={Wiley Online Library}
}

@book{kellie2019challenges,
  title={Challenges to Monitoring Moose in Alaska},
  author={Kellie, Kalin A and Colson, Kassidy E and Reynolds, Joel H},
  year={2019},
  publisher={Alaska Department of Fish and Game, Division of Wildlife Conservation Juneau~…}
}

@book{delong2006geospatial,
  title={Geospatial population estimator software user's guide},
  author={DeLong, Robert A},
  year={2006},
  publisher={Alaska Department of Fish and Game, Division of Wildlife Conservation}
}

@book{cressie2015statistics,
  title={Statistics for spatial data - revised edition},
  author={Cressie, Noel},
  year={2015},
  publisher={John Wiley \& Sons}
}

@article{xu2015spatio,
  title={Spatio-temporal kriging based on the product-sum model: some computational aspects},
  author={Xu, Jiaqi and Shu, Hong},
  journal={Earth Science Informatics},
  volume={8},
  number={3},
  pages={639--648},
  year={2015},
  publisher={Springer}
}

@article{de2015spatio,
  title={Spatio-temporal geostatistical modeling for French fertility predictions},
  author={De Iaco, S and Palma, M and Posa, D},
  journal={Spatial Statistics},
  volume={14},
  pages={546--562},
  year={2015},
  publisher={Elsevier}
}

@article{de2001product,
  title={Product-sum covariance for space-time modeling: an environmental application},
  author={De Cesare, Luigi and Myers, DE and Posa, D},
  journal={Environmetrics: The official journal of the International Environmetrics Society},
  volume={12},
  number={1},
  pages={11--23},
  year={2001},
  publisher={Wiley Online Library}
}

@article{de2001space,
  title={Space--time analysis using a general product--sum model},
  author={De Iaco, Sandra and Myers, Donald E and Posa, Donato},
  journal={Statistics \& Probability Letters},
  volume={52},
  number={1},
  pages={21--28},
  year={2001},
  publisher={Elsevier}
}

@book{schabenberger2017statistical,
  title={Statistical methods for spatial data analysis: Texts in statistical science},
  author={Schabenberger, Oliver and Gotway, Carol A},
  year={2017},
  publisher={Chapman and Hall/CRC}
}

@article{fuller1973transformations,
  title={Transformations for estimation of linear models with nested-error structure},
  author={Fuller, Wayne A and Battese, George E},
  journal={Journal of the American Statistical association},
  volume={68},
  number={343},
  pages={626--632},
  year={1973},
  publisher={Taylor \& Francis}
}

@article{cressie1993asymptotic,
  title={The asymptotic distribution of REML estimators},
  author={Cressie, Noel and Lahiri, Soumendra Nath},
  journal={Journal of multivariate analysis},
  volume={45},
  number={2},
  pages={217--233},
  year={1993},
  publisher={Elsevier}
}

@article{heyde1994quasi,
  title={A quasi-likelihood approach to the REML estimating equations},
  author={Heyde, CC},
  journal={Statistics \& Probability Letters},
  volume={21},
  number={5},
  pages={381--384},
  year={1994},
  publisher={Elsevier}
}

@article{patterson1971recovery,
  title={Recovery of inter-block information when block sizes are unequal},
  author={Patterson, H Desmond and Thompson, Robin},
  journal={Biometrika},
  volume={58},
  number={3},
  pages={545--554},
  year={1971},
  publisher={Oxford University Press}
}

@article{harville1977maximum,
  title={Maximum likelihood approaches to variance component estimation and to related problems},
  author={Harville, David A},
  journal={Journal of the American statistical association},
  volume={72},
  number={358},
  pages={320--338},
  year={1977},
  publisher={Taylor \& Francis}
}

@book{wikle2019spatio,
  title={Spatio-temporal Statistics with R},
  author={Wikle, Christopher K and Zammit-Mangion, Andrew and Cressie, Noel},
  year={2019},
  publisher={Chapman and Hall/CRC}
}

@article{dumelle2022comparison,
  title={A comparison of design-based and model-based approaches for finite population spatial sampling and inference},
  author={Dumelle, Michael and Higham, Matt and Ver Hoef, Jay M and Olsen, Anthony R and Madsen, Lisa},
  journal={Methods in Ecology and Evolution},
  volume={13},
  number={9},
  pages={2018--2029},
  year={2022},
  publisher={Wiley Online Library}
}

@article{brus2021statistical,
  title={Statistical approaches for spatial sample survey: Persistent misconceptions and new developments},
  author={Brus, Dick J},
  journal={European Journal of Soil Science},
  volume={72},
  number={2},
  pages={686--703},
  year={2021},
  publisher={Wiley Online Library}
}

@Manual{higham2021sptotal,
    title = {sptotal: Predicting Totals and Weighted Sums from Spatial Data},
    author = {Matt Higham and Jay {Ver Hoef} and Bryce Frank and Michael Dumelle},
    year = {2021},
    note = {R package version 1.0.0},
    url = {https://highamm.github.io/sptotal/index.html},
}

@article{myers1990variograms,
  title={Variograms with zonal anisotropies and noninvertible kriging systems},
  author={Myers, Donald E and Journel, Andre},
  journal={Mathematical Geology},
  volume={22},
  number={7},
  pages={779--785},
  year={1990},
  publisher={Springer}
}

@article{ver2008spatial,
  title={Spatial methods for plot-based sampling of wildlife populations},
  author={Ver Hoef, Jay M},
  journal={Environmental and Ecological Statistics},
  volume={15},
  number={1},
  pages={3--13},
  year={2008},
  publisher={Springer}
}

@article{dumelle2021linear,
  title={A linear mixed model formulation for spatio-temporal random processes with computational advances for the product, sum, and product--sum covariance functions},
  author={Dumelle, Michael and Ver Hoef, Jay M and Fuentes, Claudio and Gitelman, Alix},
  journal={Spatial Statistics},
  volume={43},
  pages={100510},
  year={2021},
  publisher={Elsevier}
}

@article{higham2021adjusting,
  title={Adjusting a finite population block kriging estimator for imperfect detection},
  author={Higham, Matt and Ver Hoef, Jay and Madsen, Lisa and Aderman, Andy},
  journal={Environmetrics},
  volume={32},
  number={1},
  pages={e2654},
  year={2021},
  publisher={Wiley Online Library}
}

@techreport{kellie_geospatial_2006,
	title = {Geospatial survey operations manual},
	institution = {Alaska Department of Fish and Game},
	author = {Kellie, Kalin A and DeLong, Robert A},
	year = {2006}
}

@article{boertje2009managing,
  title={Managing for elevated yield of moose in interior Alaska},
  author={Boertje, Rodney D and Keech, Mark A and Young, Donald D and Kellie, Kalin A and Seaton, C Tom},
  journal={The Journal of Wildlife Management},
  volume={73},
  number={3},
  pages={314--327},
  year={2009},
  publisher={Wiley Online Library}
}

@techreport{gasaway1986estimating,
  title={Estimating moose population parameters from aerial surveys},
  author={Gasaway, William C and DuBois, Stephen D and Reed, Daniel J and Harbo, Samuel J},
  year={1986},
  institution={University of Alaska. Institute of Arctic Biology}
}

@article{peters2014contrasting,
  title={Contrasting aerial moose population estimation methods and evaluating sightability in west-central Alberta, Canada},
  author={Peters, Wibke and Hebblewhite, Mark and Smith, Kirby G and Webb, Shevenell M and Webb, Nathan and Russell, Mike and Stambaugh, Curtis and Anderson, Robert B},
  journal={Wildlife Society Bulletin},
  volume={38},
  number={3},
  pages={639--649},
  year={2014},
  publisher={Wiley Online Library}
}