@article{ver2008spatial,
  title={Spatial methods for plot-based sampling of wildlife populations},
  author={Ver Hoef, Jay M},
  journal={Environmental and Ecological Statistics},
  volume={15},
  number={1},
  pages={3--13},
  year={2008},
  publisher={Springer}
}

@article{dumelle2021linear,
  title={A linear mixed model formulation for spatio-temporal random processes with computational advances for the product, sum, and product--sum covariance functions},
  author={Dumelle, Michael and Ver Hoef, Jay M and Fuentes, Claudio and Gitelman, Alix},
  journal={Spatial Statistics},
  volume={43},
  pages={100510},
  year={2021},
  publisher={Elsevier}
}

@PRESENTATION{Ade09,
  author = {Adelman, Rachel},
  year = 2009,
  title = {`Such Stuff as Dreams Are Made On': {G}od's {F}ootstool in the {A}ramaic {T}argumim and {M}idrashic Tradition},
  organization = {Paper presented at the annual meeting for the Society of Biblical Literature},
  month = nov # "~21â€“-24",
  address = {New Orleans, Louisiana}}

@ARTICLE{Alb05,
  author = {Albiston, Catherine R.},
  year = 2005,
  title = {Bargaining in the Shadow of Social Institutions: Competing Discourses and Social Change in the Workplace Mobilization of Civil Rights},
  journal = {Law and Society Review},
  volume = 39,
  number = 1,
  pages = {11--47}}
